@article{silva2012timed,
  title={Timed petri nets},
  author={Silva, Jos{\'e} Reinaldo and del Foyo, Pedro MG},
  journal={Petri Nets-Manufacturing and Computer Science},
  year={2012},
  publisher={IntechOpen}
}
@article{korsah2013comprehensive,
  title={A comprehensive taxonomy for multi-robot task allocation},
  author={Korsah, G Ayorkor and Stentz, Anthony and Dias, M Bernardine},
  journal={The International Journal of Robotics Research},
  volume={32},
  number={12},
  pages={1495--1512},
  year={2013},
  publisher={SAGE Publications Sage UK: London, England}
}
